<?xml version="1.0" encoding="UTF-8"?>
<collection><record><leader>00000nas a22002651  4500</leader><controlfield tag="005">20140725074357.0</controlfield><controlfield tag="008">880719d19662013enkqr p   o   0   a0eng d</controlfield><controlfield tag="001">990006758990106381</controlfield><datafield tag="035" ind1=" " ind2=" "><subfield code="a">(MiU)000675899MIU01</subfield></datafield><datafield tag="022" ind1=" " ind2=" "><subfield code="a">0006-3665</subfield><subfield code="0">(uri) http://worldcat.org/issn/0006-3665</subfield></datafield><datafield tag="035" ind1=" " ind2=" "><subfield code="a">(RLIN)MIUG101629-S</subfield></datafield><datafield tag="035" ind1=" " ind2=" "><subfield code="a">(CaOTULAS)160668009</subfield></datafield><datafield tag="035" ind1=" " ind2=" "><subfield code="a">(OCoLC)ocm02551528</subfield><subfield code="0">(uri) http://www.worldcat.org/oclc/02551528</subfield></datafield><datafield tag="040" ind1=" " ind2=" "><subfield code="a">CU-CU</subfield><subfield code="c">CU-CU</subfield><subfield code="d">NIC</subfield><subfield code="d">CtY</subfield><subfield code="d">MiU</subfield></datafield><datafield tag="245" ind1="0" ind2="0"><subfield code="a">Birds.</subfield></datafield><datafield tag="260" ind1=" " ind2=" "><subfield code="a">Sandy, Bedfordshire, Eng. :</subfield><subfield code="b">Royal Society for the Protection of Birds.</subfield></datafield><datafield tag="300" ind1=" " ind2=" "><subfield code="a">v. :</subfield><subfield code="b">ill. ;</subfield><subfield code="c">28-30 cm</subfield></datafield><datafield tag="310" ind1=" " ind2=" "><subfield code="a">Quarterly</subfield><subfield code="b">Spring 1966-</subfield></datafield><datafield tag="321" ind1=" " ind2=" "><subfield code="a">Bimonthly,</subfield><subfield code="b">Jan./Feb. 1976</subfield></datafield><datafield tag="362" ind1="0" ind2=" "><subfield code="a">v. 1- Jan./Feb. 1966-</subfield></datafield><datafield tag="362" ind1="1" ind2=" "><subfield code="a">Ceased publication with v.24 no.7 2013</subfield></datafield><datafield tag="500" ind1=" " ind2=" "><subfield code="a">"Magazine of the Royal Society for the Protection of Birds."</subfield></datafield><datafield tag="650" ind1=" " ind2="0"><subfield code="a">Birds</subfield><subfield code="v">Periodicals.</subfield><subfield code="0">(uri) http://id.loc.gov/authorities/subjects/sh2007102031</subfield></datafield><datafield tag="710" ind1="2" ind2=" "><subfield code="a">Royal Society for the Protection of Birds.</subfield><subfield code="0">(uri) http://id.loc.gov/authorities/names/n80132329</subfield><subfield code="0">(uri) http://viaf.org/viaf/sourceID/LC|n80132329</subfield></datafield><datafield tag="780" ind1="0" ind2="2"><subfield code="t">Bird notes</subfield><subfield code="g">1903-65</subfield><subfield code="x">0406-3392</subfield></datafield><datafield tag="785" ind1="0" ind2="0"><subfield code="t">Nature's home</subfield><subfield code="x">2054-3433</subfield><subfield code="w">(DLC) 2013224081</subfield><subfield code="w">(OcoLC)863222856</subfield></datafield><datafield tag="997" ind1=" " ind2=" "><subfield code="a">MARS</subfield></datafield><datafield tag="998" ind1=" " ind2=" "><subfield code="c">KK</subfield><subfield code="s">9121</subfield></datafield><datafield tag="958" ind1=" " ind2=" "><subfield code="a">MiU</subfield></datafield><datafield tag="959" ind1=" " ind2=" "><subfield code="a">(notis)ULACW8630</subfield></datafield><datafield tag="995" ind1=" " ind2=" "><subfield code="a">20</subfield></datafield><datafield tag="BIB" ind1=" " ind2=" "><subfield code="u">2021-08-17 11:04:23 US/Eastern</subfield><subfield code="c">2021-06-21 14:44:43 US/Eastern</subfield><subfield code="s">false</subfield></datafield><datafield tag="852" ind1="0" ind2=" "><subfield code="b">MUSM</subfield><subfield code="a">MiU</subfield><subfield code="c">BIR</subfield><subfield code="h">QL671 .B678</subfield><subfield code="8">22913504230006381</subfield></datafield><datafield tag="866" ind1="3" ind2="2"><subfield code="a">1-24</subfield><subfield code="8">22913504230006381</subfield></datafield><datafield tag="866" ind1="3" ind2="2"><subfield code="a">1966/1967-2013</subfield><subfield code="8">22913504230006381</subfield></datafield><datafield tag="974" ind1=" " ind2=" "><subfield code="8">22913504230006381</subfield><subfield code="f">1</subfield><subfield code="c">BIR</subfield><subfield code="m">ISSUE</subfield><subfield code="a">39015019702078</subfield><subfield code="e">BIR</subfield><subfield code="7">23913504160006381</subfield><subfield code="z">v.7-8 1978-81</subfield><subfield code="p">01</subfield><subfield code="r">2002-08-06 10:59:00</subfield><subfield code="h">QL671 .B678</subfield><subfield code="d">MUSM</subfield><subfield code="b">MUSM</subfield></datafield><datafield tag="974" ind1=" " ind2=" "><subfield code="8">22913504230006381</subfield><subfield code="f">1</subfield><subfield code="c">BIR</subfield><subfield code="m">ISSUE</subfield><subfield code="a">39015042512437</subfield><subfield code="e">BIR</subfield><subfield code="7">23913504140006381</subfield><subfield code="z">v.9 1982-83</subfield><subfield code="p">01</subfield><subfield code="r">2002-08-06 10:59:00</subfield><subfield code="h">QL671 .B678</subfield><subfield code="d">MUSM</subfield><subfield code="b">MUSM</subfield></datafield><datafield tag="974" ind1=" " ind2=" "><subfield code="8">22913504230006381</subfield><subfield code="f">1</subfield><subfield code="c">BIR</subfield><subfield code="m">ISSUE</subfield><subfield code="a">39015019702060</subfield><subfield code="e">BIR</subfield><subfield code="7">23913504180006381</subfield><subfield code="z">v.5-6 1974-77</subfield><subfield code="p">01</subfield><subfield code="r">2002-07-24 10:59:00</subfield><subfield code="h">QL671 .B678</subfield><subfield code="d">MUSM</subfield><subfield code="b">MUSM</subfield></datafield><datafield tag="974" ind1=" " ind2=" "><subfield code="8">22913504230006381</subfield><subfield code="f">1</subfield><subfield code="c">BIR</subfield><subfield code="m">ISSUE</subfield><subfield code="a">39015072358081</subfield><subfield code="e">BIR</subfield><subfield code="7">23913503990006381</subfield><subfield code="z">v.23 2010-2011</subfield><subfield code="p">01</subfield><subfield code="r">2019-05-22 10:59:00</subfield><subfield code="h">QL671 .B678</subfield><subfield code="d">MUSM</subfield><subfield code="b">MUSM</subfield></datafield><datafield tag="974" ind1=" " ind2=" "><subfield code="8">22913504230006381</subfield><subfield code="f">1</subfield><subfield code="c">BIR</subfield><subfield code="m">ISSUE</subfield><subfield code="a">39015019702045</subfield><subfield code="e">BIR</subfield><subfield code="7">23913504200006381</subfield><subfield code="z">v.1-2 1966-69</subfield><subfield code="p">01</subfield><subfield code="r">2002-08-06 10:59:00</subfield><subfield code="h">QL671 .B678</subfield><subfield code="d">MUSM</subfield><subfield code="b">MUSM</subfield></datafield><datafield tag="974" ind1=" " ind2=" "><subfield code="8">22913504230006381</subfield><subfield code="f">1</subfield><subfield code="c">BIR</subfield><subfield code="m">ISSUE</subfield><subfield code="a">39015061999291</subfield><subfield code="e">BIR</subfield><subfield code="7">23913504000006381</subfield><subfield code="z">v.22 2008-2010</subfield><subfield code="p">01</subfield><subfield code="r">2010-03-23 10:59:00</subfield><subfield code="h">QL671 .B678</subfield><subfield code="d">MUSM</subfield><subfield code="b">MUSM</subfield></datafield><datafield tag="974" ind1=" " ind2=" "><subfield code="8">22913504230006381</subfield><subfield code="f">1</subfield><subfield code="c">BIR</subfield><subfield code="m">ISSUE</subfield><subfield code="a">39015018662489</subfield><subfield code="e">BIR</subfield><subfield code="7">23913504100006381</subfield><subfield code="z">v.12 1988-89</subfield><subfield code="p">01</subfield><subfield code="r">1991-02-26 10:59:00</subfield><subfield code="h">QL671 .B678</subfield><subfield code="d">MUSM</subfield><subfield code="b">MUSM</subfield></datafield><datafield tag="974" ind1=" " ind2=" "><subfield code="8">22913504230006381</subfield><subfield code="f">1</subfield><subfield code="c">BIR</subfield><subfield code="m">ISSUE</subfield><subfield code="a">39015063505500</subfield><subfield code="e">BIR</subfield><subfield code="7">23913503980006381</subfield><subfield code="z">v.24 2012-2013</subfield><subfield code="p">01</subfield><subfield code="r">2021-04-19 17:58:56</subfield><subfield code="h">QL671 .B678</subfield><subfield code="d">MUSM</subfield><subfield code="b">MUSM</subfield></datafield><datafield tag="974" ind1=" " ind2=" "><subfield code="8">22913504230006381</subfield><subfield code="f">1</subfield><subfield code="c">BIR</subfield><subfield code="m">ISSUE</subfield><subfield code="a">39015019702052</subfield><subfield code="e">BIR</subfield><subfield code="7">23913504190006381</subfield><subfield code="z">v.3-4 1970-73</subfield><subfield code="p">01</subfield><subfield code="r">2002-08-06 10:59:00</subfield><subfield code="h">QL671 .B678</subfield><subfield code="d">MUSM</subfield><subfield code="b">MUSM</subfield></datafield><datafield tag="974" ind1=" " ind2=" "><subfield code="8">22913504230006381</subfield><subfield code="f">1</subfield><subfield code="c">BIR</subfield><subfield code="m">ISSUE</subfield><subfield code="a">39015019702086</subfield><subfield code="e">BIR</subfield><subfield code="7">23913504110006381</subfield><subfield code="z">v.11 1986-87</subfield><subfield code="p">01</subfield><subfield code="r">2002-08-06 10:59:00</subfield><subfield code="h">QL671 .B678</subfield><subfield code="d">MUSM</subfield><subfield code="b">MUSM</subfield></datafield><datafield tag="974" ind1=" " ind2=" "><subfield code="8">22913504230006381</subfield><subfield code="f">1</subfield><subfield code="c">BIR</subfield><subfield code="m">ISSUE</subfield><subfield code="a">39015014271111</subfield><subfield code="e">BIR</subfield><subfield code="7">23913504130006381</subfield><subfield code="z">v.10 1984-85</subfield><subfield code="p">01</subfield><subfield code="r">2002-08-06 10:59:00</subfield><subfield code="h">QL671 .B678</subfield><subfield code="d">MUSM</subfield><subfield code="b">MUSM</subfield></datafield><datafield tag="974" ind1=" " ind2=" "><subfield code="8">22913504230006381</subfield><subfield code="f">1</subfield><subfield code="c">BIR</subfield><subfield code="m">ISSUE</subfield><subfield code="a">39015061356914</subfield><subfield code="e">BIR</subfield><subfield code="7">23913504020006381</subfield><subfield code="z">v.20 2004-05</subfield><subfield code="p">01</subfield><subfield code="r">2006-06-23 10:59:00</subfield><subfield code="h">QL671 .B678</subfield><subfield code="d">MUSM</subfield><subfield code="b">MUSM</subfield></datafield><datafield tag="974" ind1=" " ind2=" "><subfield code="8">22913504230006381</subfield><subfield code="f">1</subfield><subfield code="c">BIR</subfield><subfield code="m">ISSUE</subfield><subfield code="a">39015028677949</subfield><subfield code="e">BIR</subfield><subfield code="7">23913504090006381</subfield><subfield code="z">v.13 1990-91</subfield><subfield code="p">01</subfield><subfield code="r">1993-04-23 10:59:00</subfield><subfield code="h">QL671 .B678</subfield><subfield code="d">MUSM</subfield><subfield code="b">MUSM</subfield></datafield><datafield tag="974" ind1=" " ind2=" "><subfield code="8">22913504230006381</subfield><subfield code="f">1</subfield><subfield code="c">BIR</subfield><subfield code="m">ISSUE</subfield><subfield code="a">39015061912286</subfield><subfield code="e">BIR</subfield><subfield code="7">23913504010006381</subfield><subfield code="z">v.21 2006-2007</subfield><subfield code="p">01</subfield><subfield code="r">2008-02-11 10:59:00</subfield><subfield code="h">QL671 .B678</subfield><subfield code="d">MUSM</subfield><subfield code="b">MUSM</subfield></datafield><datafield tag="974" ind1=" " ind2=" "><subfield code="8">22913504230006381</subfield><subfield code="f">1</subfield><subfield code="c">BIR</subfield><subfield code="m">ISSUE</subfield><subfield code="a">39015052376814</subfield><subfield code="e">BIR</subfield><subfield code="7">23913504030006381</subfield><subfield code="z">v.19 2002-03</subfield><subfield code="p">01</subfield><subfield code="r">2004-04-30 10:59:00</subfield><subfield code="h">QL671 .B678</subfield><subfield code="d">MUSM</subfield><subfield code="b">MUSM</subfield></datafield><datafield tag="974" ind1=" " ind2=" "><subfield code="8">22913504230006381</subfield><subfield code="f">1</subfield><subfield code="c">BIR</subfield><subfield code="m">ISSUE</subfield><subfield code="a">39015042512601</subfield><subfield code="e">BIR</subfield><subfield code="7">23913504040006381</subfield><subfield code="z">v.18 2000-01</subfield><subfield code="p">01</subfield><subfield code="r">2002-08-27 10:59:00</subfield><subfield code="h">QL671 .B678</subfield><subfield code="d">MUSM</subfield><subfield code="b">MUSM</subfield></datafield><datafield tag="974" ind1=" " ind2=" "><subfield code="8">22913504230006381</subfield><subfield code="f">1</subfield><subfield code="c">BIR</subfield><subfield code="m">ISSUE</subfield><subfield code="a">39015042749575</subfield><subfield code="e">BIR</subfield><subfield code="7">23913504050006381</subfield><subfield code="z">v.17 1998-99</subfield><subfield code="p">01</subfield><subfield code="r">2001-02-02 10:59:00</subfield><subfield code="h">QL671 .B678</subfield><subfield code="d">MUSM</subfield><subfield code="b">MUSM</subfield></datafield><datafield tag="974" ind1=" " ind2=" "><subfield code="8">22913504230006381</subfield><subfield code="f">1</subfield><subfield code="c">BIR</subfield><subfield code="m">ISSUE</subfield><subfield code="a">39015042539869</subfield><subfield code="e">BIR</subfield><subfield code="7">23913504060006381</subfield><subfield code="z">v.16 1996-97</subfield><subfield code="p">01</subfield><subfield code="r">2001-10-08 10:59:00</subfield><subfield code="h">QL671 .B678</subfield><subfield code="d">MUSM</subfield><subfield code="b">MUSM</subfield></datafield><datafield tag="974" ind1=" " ind2=" "><subfield code="8">22913504230006381</subfield><subfield code="f">1</subfield><subfield code="c">BIR</subfield><subfield code="m">ISSUE</subfield><subfield code="a">39015037684480</subfield><subfield code="e">BIR</subfield><subfield code="7">23913504070006381</subfield><subfield code="z">v.15 1994-96</subfield><subfield code="p">01</subfield><subfield code="r">1996-07-25 10:59:00</subfield><subfield code="h">QL671 .B678</subfield><subfield code="d">MUSM</subfield><subfield code="b">MUSM</subfield></datafield><datafield tag="974" ind1=" " ind2=" "><subfield code="8">22913504230006381</subfield><subfield code="f">1</subfield><subfield code="c">BIR</subfield><subfield code="m">ISSUE</subfield><subfield code="a">39015028967381</subfield><subfield code="e">BIR</subfield><subfield code="7">23913504080006381</subfield><subfield code="z">v.14 1992-93</subfield><subfield code="p">01</subfield><subfield code="r">1994-06-27 10:59:00</subfield><subfield code="h">QL671 .B678</subfield><subfield code="d">MUSM</subfield><subfield code="b">MUSM</subfield></datafield></record></collection>